@book{BolognaDigital,
  title = {Digitalisierung in Studium und Lehre gemeinsam gestalten: Innovative Formate,  Strategien und Netzwerke},
  ISBN = {9783658328498},
  url = {http://dx.doi.org/10.1007/978-3-658-32849-8},
  DOI = {10.1007/978-3-658-32849-8},
  publisher = {Springer Fachmedien Wiesbaden},
  year = {2021}
}

@book{Sailer2016,
  title = {Die Wirkung von Gamification auf Motivation und Leistung},
  ISBN = {9783658143091},
  url = {http://dx.doi.org/10.1007/978-3-658-14309-1},
  DOI = {10.1007/978-3-658-14309-1},
  publisher = {Springer Fachmedien Wiesbaden},
  author = {Sailer,  Michael},
  year = {2016}
}

@inproceedings{Minkovska.2016,
 author = {Minkovska, Daniela and Ivanova, Malinka and Yordanova, Milena},
 title = {Didactic principles of eLearning --- Design and implementation of an interactive adaptive learning system},
 pages = {1--6},
 publisher = {IEEE},
 isbn = {978-1-5090-0778-3},
 booktitle = {2016 15th International Conference on Information Technology Based Higher Education and Training (ITHET)},
 year = {2016},
 doi = {10.1109/ITHET.2016.7760709}
}


