@online{git-scm,
  author = {Scott Chacon and Ben Straub},
  title = {1.2 Getting Started - A Short History of Git},
  year = {2014},
  url = {https://git-scm.com/book/en/v2/Getting-Started-A-Short-History-of-Git},
  urldate = {2023-05-29}
}

@online{supabase,
  title = {Supabase Dokumentation},
  url = {https://supabase.com/docs},
  urldate = {2023-05-29}
}

@online{wilmo,
  title = {WiLMo Wirtschaftsinformatik Lehr- und Lern-Module - Was ist WiLMo?},
  url = {https://ida.fh-aachen.de/aktuelle-projekte/wilmo/},
  urldate = {2023-01-08}
}

@online{moodle,
  title = {Warum Moodle? Moodle legt die Macht des eLearning in Ihre HÃ¤nde},
  url = {https://moodle.com/de/},
  urldate = {2023-01-10}
}

