@book{Teich2008,
  title = {Der richtige Weg zur Softwareauswahl},
  author = "Teich, Irene and Kolbenschlag, Walter and Reiners, Wilfried",
  ISBN = {9783540712626},
  url = {http://dx.doi.org/10.1007/978-3-540-71262-6},
  DOI = {10.1007/978-3-540-71262-6},
  publisher = {Springer Berlin Heidelberg},
  year = {2008}
}